@online{apmDef,
	author 			= {{Association for Project Management}},
	title 			= {Configuration Management},
	url 			= {https://www.apm.org.uk/body-of-knowledge/delivery/scope-management/configuration-management/},
	year 			= {2017}
}	

@misc{dod-history,
	author			= {Perry, William J.},
	year			= {1994},
	title			= {Specification \& Standards: A New Way of Doing Business},
	organization 	= {{U.S. Department of Defence}}
}